%Книга с номером издания
@book{brownlee-clever-algorithms-nature-2011,
  author = {Brownlee, Jason},
  biburl = {https://www.bibsonomy.org/bibtex/281884164149a313cd79efa661da299f9/mhwombat},
  interhash = {af0cad74630b7336f633c42dbf8e16ee},
  intrahash = {81884164149a313cd79efa661da299f9},
  isbn = {1446785068 9781446785065},
  keywords = {classification clustering data_mining lcs},
  refid = {760056496},
  timestamp = {2016-07-12T19:25:30.000+0200},
  title = {Clever algorithms : nature-inspired programming
                 recipes},
  year = 2011
}
%Книга с номером издания
@article{diff,
	author  = {Францева, А. С. and Винокуров, С. Ф.},
	journal = {Известия Иркутского государственного университета},
	title   = {Сложность представлений многовыходных функций алгебры логики},
	year    = {2016},
	number  = {16},
	pages   = {30—42},
}
@article{diff1,
	author  = {Францева, А. С.},
	journal = {Иркутский государственный университет},
	title   = {Сложность и алгоритмы нахождения представления многовыходных функций алгебры логики в классах полиномов обратимых функций},
	year    = {2019},

    publisher = {Иркутский государственный университет},
    pages = {118}
}


@article{inproceedings,
author = {Toffoli, Tommaso},
year = {1980},
month = {01},
pages = {632-644},
title = {Reversible Computing},
volume = {85},
isbn = {978-3-540-10003-4},
journal = {Automata, Languages and
Programming (Series: Lecture Notes in Computer Science)},
doi = {10.1007/3-540-10003-2_104},
address={Springer Berlin
Heidelberg}
}

@ARTICLE{1201583,
author={Shende, V.V. and Prasad, A.K. and Markov, I.L. and Hayes, J.P.},
journal={IEEE Transactions on Computer-Aided Design of Integrated Circuits and Systems},
title={Synthesis of reversible logic circuits},
year={2003},
volume={22},
number={6},
pages={710-722}, 
doi={10.1109/TCAD.2003.811448}}

@article{article,
author = {Kirkpatrick, Scott and Gelatt, C. and Vecchi, M.},
year = {1983},
month = {06},
pages = {671-80},
title = {Optimization by Simulated Annealing},
volume = {220},
journal = {Science (New York, N.Y.)},
doi = {10.1126/science.220.4598.671}
}
@INPROCEEDINGS{488968,  author={Kennedy, J. and Eberhart, R.},  booktitle={Proceedings of ICNN'95 - International Conference on Neural Networks},   title={Particle swarm optimization},   year={1995},  volume={4},  number={},  pages={1942-1948 vol.4},  doi={10.1109/ICNN.1995.488968}}


@book{10.5555/522098,
author = {Mitchell, Melanie},
title = {An  Introduction to Genetic Algorithms},
year = {1998},
isbn = {0262631857},
publisher = {MIT Press},
address = {Cambridge, MA, USA},
}

@online{W3Schools:mediatypes,
title = "CSS Media Types",
url = {http://www.w3schools.com/css/css_mediatypes.asp},
language = "russian",
urldate = "10.01.2013",
year = "2013",
}

@online{multiprocessing,
title = "multiprocessing — Process-based parallelism",
url = {https://docs.python.org/3/library/multiprocessing.html},
language = "russian",
urldate = "29.05.2022",

}
@online{pandas,
title = "IO tools",
url = {https://pandas.pydata.org/docs/user_guide/io.html#csv-text-files},
language = "russian",
urldate = "29.05.2022",

}


@online{matplotlib,
title = "matplotlib ",
url = {https://matplotlib.org/stable/tutorials/introductory/pyplot.html},
language = "russian",
urldate = "8.06.2022",

}

@online{list,
title = "Data Structures ",
url = {https://docs.python.org/3/tutorial/datastructures.html},
language = "russian",
urldate = "11.06.2022",

}
@misc{dec,
  doi = {10.48550/ARXIV.1810.04279},
  
  url = {https://arxiv.org/abs/1810.04279},
  
  author = {Jiang, Jiaqing and Sun, Xiaoming and Sun, Yuan and Wu, Kewen and Xia, Zhiyu},
  
  
  title = {Structured decomposition for reversible Boolean functions},
  
  publisher = {arXiv},
  
  year = {2018},
}


@online{class,
title = "Classes ",
url = {https://docs.python.org/3/tutorial/classes.html},
language = "russian",
urldate = "3.06.2022",

}
